<record><leader>00000cas a22000007a 4500</leader><controlfield tag="001">15133997</controlfield><controlfield tag="008">870130d18411842pauir ne      0    0eng d</controlfield><datafield ind1=" " ind2=" " tag="010"><subfield code="a">sn 87052096 </subfield></datafield><datafield ind1=" " ind2=" " tag="040"><subfield code="a">NPX</subfield><subfield code="b">eng</subfield><subfield code="c">NPX</subfield><subfield code="d">PPM</subfield><subfield code="d">MFN</subfield><subfield code="d">MGN</subfield><subfield code="d">NVF</subfield><subfield code="d">NYS</subfield><subfield code="d">OCLCQ</subfield></datafield><datafield ind1=" " ind2=" " tag="042"><subfield code="a">msc</subfield></datafield><datafield ind1="0" ind2=" " tag="130"><subfield code="a">National gazette (Philadelphia, Pa. : Triweekly)</subfield></datafield><datafield ind1="1" ind2="4" tag="245"><subfield code="a">The national gazette.</subfield></datafield><datafield ind1=" " ind2=" " tag="260"><subfield code="a">Philadelphia [Pa.] :</subfield><subfield code="b">J. Reese Fry, Edward P. Fry</subfield></datafield><datafield ind1=" " ind2=" " tag="300"><subfield code="a">v.</subfield></datafield><datafield ind1=" " ind2=" " tag="310"><subfield code="a">Triweekly</subfield></datafield><datafield ind1="0" ind2=" " tag="362"><subfield code="a">Oct. 7, 1841-Jan. 1, 1842.</subfield></datafield><datafield ind1=" " ind2=" " tag="752"><subfield code="a">United States</subfield><subfield code="b">Pennsylvania</subfield><subfield code="c">Philadelphia</subfield><subfield code="d">Philadelphia.</subfield></datafield><datafield ind1="0" ind2=" " tag="775"><subfield code="t">National gazette (Philadelphia, Pa. : 1841)</subfield><subfield code="w">(DLC)sn 86058007</subfield></datafield><datafield ind1="0" ind2="0" tag="780"><subfield code="t">National gazette and literary register (Philadelphia, Pa.: Semiweekly)</subfield><subfield code="w">(DLC)sn 84026333</subfield></datafield><datafield ind1="0" ind2="7" tag="785"><subfield code="t">Inquirer and daily courier</subfield><subfield code="w">(DLC)sn 86072146</subfield></datafield><datafield ind1="0" ind2="7" tag="785"><subfield code="t">Pennsylvania inquirer and national gazette, for the country</subfield><subfield code="w">(DLC)sn 86072149</subfield></datafield></record>